<?xml version="1.0" encoding="UTF-8"?><collection xmlns="http://www.loc.gov/MARC21/slim"><record><leader>00409nam--2200145-i-4500</leader><controlfield tag="001">000005476</controlfield><controlfield tag="002">20161230</controlfield><controlfield tag="005">20170208170647</controlfield><controlfield tag="008">060222s1000------------r-----000-0-eng-d</controlfield><datafield ind1=" " ind2=" " tag="100"><subfield code="a">De Alfaro, V</subfield></datafield><datafield ind1=" " ind2=" " tag="245"><subfield code="a">Pion-pion interaction and proton-antiproton annihilation at rest</subfield></datafield><datafield ind1=" " ind2=" " tag="260"><subfield code="a">Roma</subfield><subfield code="b">Inst.Nazionale Di Fisica Nucleare</subfield><subfield code="c">1961</subfield></datafield><datafield ind1=" " ind2=" " tag="300"><subfield code="a">7 p</subfield></datafield><datafield ind1=" " ind2=" " tag="700"><subfield code="a">Vitale, Bruno</subfield></datafield><datafield ind1=" " ind2=" " tag="CAT"><subfield code="a">SYS</subfield><subfield code="c">20170208</subfield><subfield code="h">170647</subfield></datafield></record></collection>